<?xml version="1.0" encoding="UTF-8"?><record xmlns="http://www.loc.gov/MARC21/slim" xmlns:cinclude="http://apache.org/cocoon/include/1.0" xmlns:zs="http://www.loc.gov/zing/srw/">
  <leader>00410nz  a2200133n  4500</leader>
  <controlfield tag="001">no2011014255</controlfield>
  <controlfield tag="003">DLC</controlfield>
  <controlfield tag="005">20110129075344.0</controlfield>
  <controlfield tag="008">110127n| acannaabn          |n aaa     c</controlfield>
  <datafield tag="010" ind1=" " ind2=" ">
    <subfield code="a">no2011014255</subfield>
  </datafield>
  <datafield tag="035" ind1=" " ind2=" ">
    <subfield code="a">(OCoLC)oca08751420</subfield>
  </datafield>
  <datafield tag="040" ind1=" " ind2=" ">
    <subfield code="a">OOxM-Mu</subfield>
    <subfield code="b">eng</subfield>
    <subfield code="c">OOxM-Mu</subfield>
  </datafield>
  <datafield tag="100" ind1="1" ind2=" ">
    <subfield code="a">Coates, Gloria.</subfield>
    <subfield code="t">Sonatas,</subfield>
    <subfield code="m">violin</subfield>
  </datafield>
  <datafield tag="670" ind1=" " ind2=" ">
    <subfield code="a">Coates, G. String quartet no. 9 [SR] p2010:</subfield>
    <subfield code="b">label (Sonata for violin solo) container (2000)</subfield>
  </datafield>
</record>